1671832470455,TID_1,B02y,SELL,100,RECEIVED
1671832470455,TID_1,B02y,SELL,100,QUOTED
1671832470455,TID_1,B02y,SELL,100,DONE
1671832470457,TID_2,B03y,BUY,100,RECEIVED
1671832470457,TID_2,B03y,BUY,100,QUOTED
1671832470458,TID_2,B03y,BUY,100,DONE
1671832470459,TID_3,B05y,SELL,100,RECEIVED
1671832470459,TID_3,B05y,SELL,100,QUOTED
1671832470459,TID_3,B05y,SELL,100,DONE
1671832470460,TID_4,B07y,BUY,100,RECEIVED
1671832470460,TID_4,B07y,BUY,100,QUOTED
1671832470460,TID_4,B07y,BUY,100,DONE
1671832470461,TID_5,B10y,SELL,100,RECEIVED
1671832470461,TID_5,B10y,SELL,100,QUOTED
1671832470462,TID_5,B10y,SELL,100,DONE
1671832470465,TID_6,B20y,BUY,100,RECEIVED
1671832470466,TID_6,B20y,BUY,100,QUOTED
1671832470466,TID_6,B20y,BUY,100,DONE
1671832470467,TID_7,B30y,SELL,100,RECEIVED
1671832470468,TID_7,B30y,SELL,100,QUOTED
1671832470468,TID_7,B30y,SELL,100,DONE
1671832470468,TID_8,B02y,BUY,100,RECEIVED
1671832470469,TID_8,B02y,BUY,100,QUOTED
1671832470470,TID_8,B02y,BUY,100,DONE
1671832470471,TID_9,B03y,SELL,100,RECEIVED
1671832470472,TID_9,B03y,SELL,100,QUOTED
1671832470472,TID_9,B03y,SELL,100,DONE
1671832470474,TID_10,B05y,BUY,100,RECEIVED
1671832470474,TID_10,B05y,BUY,100,QUOTED
1671832470475,TID_10,B05y,BUY,100,DONE
1671832470475,TID_11,B07y,SELL,100,RECEIVED
1671832470475,TID_11,B07y,SELL,100,QUOTED
1671832470475,TID_11,B07y,SELL,100,DONE
1671832470476,TID_12,B10y,BUY,100,RECEIVED
1671832470476,TID_12,B10y,BUY,100,QUOTED
1671832470476,TID_12,B10y,BUY,100,DONE
1671832470476,TID_13,B20y,SELL,100,RECEIVED
1671832470477,TID_13,B20y,SELL,100,QUOTED
1671832470477,TID_13,B20y,SELL,100,DONE
1671832470477,TID_14,B30y,BUY,100,RECEIVED
1671832470477,TID_14,B30y,BUY,100,QUOTED
1671832470478,TID_14,B30y,BUY,100,DONE
1671832470478,TID_15,B02y,SELL,100,RECEIVED
1671832470478,TID_15,B02y,SELL,100,QUOTED
1671832470478,TID_15,B02y,SELL,100,DONE
1671832470479,TID_16,B03y,BUY,100,RECEIVED
1671832470479,TID_16,B03y,BUY,100,QUOTED
1671832470480,TID_16,B03y,BUY,100,DONE
1671832470481,TID_17,B05y,SELL,100,RECEIVED
1671832470482,TID_17,B05y,SELL,100,QUOTED
1671832470482,TID_17,B05y,SELL,100,DONE
1671832470482,TID_18,B07y,BUY,100,RECEIVED
1671832470483,TID_18,B07y,BUY,100,QUOTED
1671832470483,TID_18,B07y,BUY,100,DONE
1671832470484,TID_19,B10y,SELL,100,RECEIVED
1671832470484,TID_19,B10y,SELL,100,QUOTED
1671832470484,TID_19,B10y,SELL,100,DONE
1671832470485,TID_20,B20y,BUY,100,RECEIVED
1671832470485,TID_20,B20y,BUY,100,QUOTED
1671832470485,TID_20,B20y,BUY,100,DONE
1671832470486,TID_21,B30y,SELL,100,RECEIVED
1671832470487,TID_21,B30y,SELL,100,QUOTED
1671832470488,TID_21,B30y,SELL,100,DONE
1671832470488,TID_22,B02y,BUY,100,RECEIVED
1671832470489,TID_22,B02y,BUY,100,QUOTED
1671832470489,TID_22,B02y,BUY,100,DONE
1671832470490,TID_23,B03y,SELL,100,RECEIVED
1671832470490,TID_23,B03y,SELL,100,QUOTED
1671832470490,TID_23,B03y,SELL,100,DONE
1671832470491,TID_24,B05y,BUY,100,RECEIVED
1671832470491,TID_24,B05y,BUY,100,QUOTED
1671832470491,TID_24,B05y,BUY,100,DONE
1671832470492,TID_25,B07y,SELL,100,RECEIVED
1671832470492,TID_25,B07y,SELL,100,QUOTED
1671832470492,TID_25,B07y,SELL,100,DONE
1671832470494,TID_26,B10y,BUY,100,RECEIVED
1671832470494,TID_26,B10y,BUY,100,QUOTED
1671832470494,TID_26,B10y,BUY,100,DONE
1671832470496,TID_27,B20y,SELL,100,RECEIVED
1671832470497,TID_27,B20y,SELL,100,QUOTED
1671832470497,TID_27,B20y,SELL,100,DONE
1671832470498,TID_28,B30y,BUY,100,RECEIVED
1671832470498,TID_28,B30y,BUY,100,QUOTED
1671832470498,TID_28,B30y,BUY,100,DONE
1671832470499,TID_29,B02y,SELL,100,RECEIVED
1671832470499,TID_29,B02y,SELL,100,QUOTED
1671832470499,TID_29,B02y,SELL,100,DONE
1671832470500,TID_30,B03y,BUY,100,RECEIVED
1671832470500,TID_30,B03y,BUY,100,QUOTED
1671832470501,TID_30,B03y,BUY,100,DONE
1671832470502,TID_31,B05y,SELL,100,RECEIVED
1671832470504,TID_31,B05y,SELL,100,QUOTED
1671832470505,TID_31,B05y,SELL,100,DONE
1671832470505,TID_32,B07y,BUY,100,RECEIVED
1671832470506,TID_32,B07y,BUY,100,QUOTED
1671832470506,TID_32,B07y,BUY,100,DONE
1671832470506,TID_33,B10y,SELL,100,RECEIVED
1671832470506,TID_33,B10y,SELL,100,QUOTED
1671832470507,TID_33,B10y,SELL,100,DONE
1671832470507,TID_34,B20y,BUY,100,RECEIVED
1671832470507,TID_34,B20y,BUY,100,QUOTED
1671832470508,TID_34,B20y,BUY,100,DONE
1671832470508,TID_35,B30y,SELL,100,RECEIVED
1671832470508,TID_35,B30y,SELL,100,QUOTED
1671832470508,TID_35,B30y,SELL,100,DONE
1671832470509,TID_36,B02y,BUY,100,RECEIVED
1671832470509,TID_36,B02y,BUY,100,QUOTED
1671832470509,TID_36,B02y,BUY,100,DONE
1671832470510,TID_37,B03y,SELL,100,RECEIVED
1671832470511,TID_37,B03y,SELL,100,QUOTED
1671832470511,TID_37,B03y,SELL,100,DONE
1671832470513,TID_38,B05y,BUY,100,RECEIVED
1671832470513,TID_38,B05y,BUY,100,QUOTED
1671832470514,TID_38,B05y,BUY,100,DONE
1671832470514,TID_39,B07y,SELL,100,RECEIVED
1671832470514,TID_39,B07y,SELL,100,QUOTED
1671832470514,TID_39,B07y,SELL,100,DONE
1671832470515,TID_40,B10y,BUY,100,RECEIVED
1671832470515,TID_40,B10y,BUY,100,QUOTED
1671832470515,TID_40,B10y,BUY,100,DONE
1671832470516,TID_41,B20y,SELL,100,RECEIVED
1671832470516,TID_41,B20y,SELL,100,QUOTED
1671832470517,TID_41,B20y,SELL,100,DONE
1671832470517,TID_42,B30y,BUY,100,RECEIVED
1671832470517,TID_42,B30y,BUY,100,QUOTED
1671832470518,TID_42,B30y,BUY,100,DONE
1671832470518,TID_43,B02y,SELL,100,RECEIVED
1671832470518,TID_43,B02y,SELL,100,QUOTED
1671832470519,TID_43,B02y,SELL,100,DONE
1671832470521,TID_44,B03y,BUY,100,RECEIVED
1671832470521,TID_44,B03y,BUY,100,QUOTED
1671832470522,TID_44,B03y,BUY,100,DONE
1671832470523,TID_45,B05y,SELL,100,RECEIVED
1671832470523,TID_45,B05y,SELL,100,QUOTED
1671832470523,TID_45,B05y,SELL,100,DONE
1671832470524,TID_46,B07y,BUY,100,RECEIVED
1671832470524,TID_46,B07y,BUY,100,QUOTED
1671832470524,TID_46,B07y,BUY,100,DONE
1671832470525,TID_47,B10y,SELL,100,RECEIVED
1671832470525,TID_47,B10y,SELL,100,QUOTED
1671832470525,TID_47,B10y,SELL,100,DONE
1671832470527,TID_48,B20y,BUY,100,RECEIVED
1671832470527,TID_48,B20y,BUY,100,QUOTED
1671832470527,TID_48,B20y,BUY,100,DONE
1671832470528,TID_49,B30y,SELL,100,RECEIVED
1671832470528,TID_49,B30y,SELL,100,QUOTED
1671832470529,TID_49,B30y,SELL,100,DONE
1671832470529,TID_50,B02y,BUY,100,RECEIVED
1671832470530,TID_50,B02y,BUY,100,QUOTED
1671832470530,TID_50,B02y,BUY,100,DONE
1671832470531,TID_51,B03y,SELL,100,RECEIVED
1671832470531,TID_51,B03y,SELL,100,QUOTED
1671832470531,TID_51,B03y,SELL,100,DONE
1671832470531,TID_52,B05y,BUY,100,RECEIVED
1671832470532,TID_52,B05y,BUY,100,QUOTED
1671832470532,TID_52,B05y,BUY,100,DONE
1671832470533,TID_53,B07y,SELL,100,RECEIVED
1671832470533,TID_53,B07y,SELL,100,QUOTED
1671832470534,TID_53,B07y,SELL,100,DONE
1671832470534,TID_54,B10y,BUY,100,RECEIVED
1671832470534,TID_54,B10y,BUY,100,QUOTED
1671832470534,TID_54,B10y,BUY,100,DONE
1671832470535,TID_55,B20y,SELL,100,RECEIVED
1671832470536,TID_55,B20y,SELL,100,QUOTED
1671832470537,TID_55,B20y,SELL,100,DONE
1671832470538,TID_56,B30y,BUY,100,RECEIVED
1671832470538,TID_56,B30y,BUY,100,QUOTED
1671832470539,TID_56,B30y,BUY,100,DONE
1671832470539,TID_57,B02y,SELL,100,RECEIVED
1671832470539,TID_57,B02y,SELL,100,QUOTED
1671832470540,TID_57,B02y,SELL,100,DONE
1671832470540,TID_58,B03y,BUY,100,RECEIVED
1671832470540,TID_58,B03y,BUY,100,QUOTED
1671832470541,TID_58,B03y,BUY,100,DONE
1671832470543,TID_59,B05y,SELL,100,RECEIVED
1671832470544,TID_59,B05y,SELL,100,QUOTED
1671832470544,TID_59,B05y,SELL,100,DONE
1671832470544,TID_60,B07y,BUY,100,RECEIVED
1671832470545,TID_60,B07y,BUY,100,QUOTED
1671832470545,TID_60,B07y,BUY,100,DONE
1671832470546,TID_61,B10y,SELL,100,RECEIVED
1671832470546,TID_61,B10y,SELL,100,QUOTED
1671832470546,TID_61,B10y,SELL,100,DONE
1671832470547,TID_62,B20y,BUY,100,RECEIVED
1671832470547,TID_62,B20y,BUY,100,QUOTED
1671832470547,TID_62,B20y,BUY,100,DONE
1671832470547,TID_63,B30y,SELL,100,RECEIVED
1671832470548,TID_63,B30y,SELL,100,QUOTED
1671832470548,TID_63,B30y,SELL,100,DONE
1671832470549,TID_64,B02y,BUY,100,RECEIVED
1671832470549,TID_64,B02y,BUY,100,QUOTED
1671832470549,TID_64,B02y,BUY,100,DONE
1671832470549,TID_65,B03y,SELL,100,RECEIVED
1671832470550,TID_65,B03y,SELL,100,QUOTED
1671832470550,TID_65,B03y,SELL,100,DONE
1671832470551,TID_66,B05y,BUY,100,RECEIVED
1671832470551,TID_66,B05y,BUY,100,QUOTED
1671832470551,TID_66,B05y,BUY,100,DONE
1671832470552,TID_67,B07y,SELL,100,RECEIVED
1671832470554,TID_67,B07y,SELL,100,QUOTED
1671832470555,TID_67,B07y,SELL,100,DONE
1671832470555,TID_68,B10y,BUY,100,RECEIVED
1671832470555,TID_68,B10y,BUY,100,QUOTED
1671832470556,TID_68,B10y,BUY,100,DONE
1671832470556,TID_69,B20y,SELL,100,RECEIVED
1671832470558,TID_69,B20y,SELL,100,QUOTED
1671832470558,TID_69,B20y,SELL,100,DONE
1671832470560,TID_70,B30y,BUY,100,RECEIVED
1671832470561,TID_70,B30y,BUY,100,QUOTED
1671832470561,TID_70,B30y,BUY,100,DONE
